@article{Dirac1953888,
  title   = "The lorentz transformation and absolute time",
  journal = "Physica ",
  volume  = "19",
  number  = "1-–12",
  pages   = "888--896",
  year    = "1953",
  doi     = "10.1016/S0031-8914(53)80099-6",
  author  = "P.A.M. Dirac"
}

@article{Feynman1963118,
  title   = "The theory of a general quantum system interacting with a linear dissipative system",
  journal = "Annals of Physics ",
  volume  = "24",
  pages   = "118--173",
  year    = "1963",
  doi     = "10.1016/0003-4916(63)90068-X",
  author  = "R.P Feynman and F.L {Vernon Jr.}"
}

@book{Casetti2003applications,
  title={Applications of the expansion method},
  author={Casetti, Emilio and Jones, III, John Paul},
  year={2003},
  publisher={Routledge}
}

@article{Nations2014world,
  title={World urbanization prospects: The 2014 revision, highlights. department of economic and social affairs},
  author={{United Nations}},
  journal={Population Division, United Nations},
  year={2014}
}

@article{Honey,
  title   = "Supervisor sees surplus for Hamilton schools",
  journal = "The Hamilton Spectator",
  volume  = "30 Oct 2002",
  year    = "2002",
  author  = "K. Honey"
}

@article{Prokaska,
  title   = "Supervisor sees surplus for Hamilton schools",
  journal = "The Hamilton Spectator",
  volume  = "9 May 2012",
  year    = "2012",
  author  = "L. Prokaska"
}
